<?xml version="1.0" encoding="UTF-8"?><collection xmlns="http://www.loc.gov/MARC21/slim"><record><leader>00402nam--2200133-i-4500</leader><controlfield tag="001">000046038</controlfield><controlfield tag="002">20161230</controlfield><controlfield tag="005">20161230201045</controlfield><controlfield tag="008">060222s1000------------r-----000-0-eng-d</controlfield><datafield ind1=" " ind2=" " tag="080"><subfield code="a">621.1:621.039:621.311.2</subfield></datafield><datafield ind1=" " ind2=" " tag="100"><subfield code="a">Ungureanu, Cornel</subfield></datafield><datafield ind1=" " ind2=" " tag="245"><subfield code="a">Generatoare de abur pentru instalatii energetice, clasice si nucleare</subfield></datafield><datafield ind1=" " ind2=" " tag="260"><subfield code="a">Bucuresti, Editura Didactica Si Pedagogica, 1977, 564p</subfield></datafield><datafield ind1=" " ind2=" " tag="852"><subfield code="a">33694</subfield></datafield></record></collection>